@online{2013_Pivotal,
  author = {REGUNATHAN RADHAKRISHNAN},
  title = {Using Hadoop MapReduce for Distributed Video Transcoding},
  year = 2013,
  url = {http://blog.pivotal.io/data-science-pivotal/products/using-hadoop-mapreduce-for-distributed-video-transcoding},
  urldate = {2013-12-16}
}

@article{2012_SMCCSE_Kim,
  author    = {Myoungjin Kim and
               Seungho Han and
               Yun Cui and
               Hanku Lee and
               Changsung Jeong},
  title     = {A Hadoop-based Multimedia Transcoding System for Processing Social
               Media in the PaaS Platform of {SMCCSE}},
  journal   = {{TIIS}},
  volume    = {6},
  number    = {11},
  pages     = {2827--2848},
  year      = {2012},
  url       = {http://dx.doi.org/10.3837/tiis.2012.11.005},
  doi       = {10.3837/tiis.2012.11.005},
  timestamp = {Fri, 01 Mar 2013 16:55:34 +0100},
  biburl    = {http://dblp.uni-trier.de/rec/bib/journals/itiis/KimHCLJ12},
  bibsource = {dblp computer science bibliography, http://dblp.org}
}

@article{2011_thesis_sweeney,
  title={HIPI: a Hadoop image processing interface for image-based mapreduce tasks},
  author={Sweeney, Chris and Liu, Liu and Arietta, Sean and Lawrence, Jason},
  journal={Chris. University of Virginia},
  year={2011}
}

@inproceedings{2010_KDD_White,
   author              = {Yn White and 
                          Tom Yeh and 
                          Jimmy Lin and 
                          Larry Davis},
   title               = {Web-Scale Computer Vision using MapReduce for Multimedia Data Mining},
}



@inproceedings{2009_WSMC_Kennedy,
 author = {Kennedy, Lyndon and Slaney, Malcolm and Weinberger, Kilian},
 title = {Reliable tags using image similarity: mining specificity and expertise from large-scale multimedia databases},
 booktitle = {Proceedings of the 1st workshop on Web-scale multimedia corpus},
 series = {WSMC '09},
 year = {2009},
 isbn = {978-1-60558-761-5},
 location = {Beijing, China},
 pages = {17--24},
 numpages = {8},
 acmid = {1631139},
 publisher = {ACM},
 address = {New York, NY, USA},
 keywords = {image similarity, reliability, specificity, tagging},
}

@inproceedings{2009_ICCV_Li,
   author              = {Yunpeng Li and 
                          David J. Crandall and 
                          Daniel P. Huttenlocher},
   title               = {Landmark classification in large-scale image collections.},
   booktitle           = {ICCV},
   year                = {2009},
   pages               = {1957-1964},
   ee                  = {http://dx.doi.org/10.1109/ICCV.2009.5459432},
   crossref            = {2009},
}


@inproceedings{2009_ICME_Liu,
  author    = {Ke{-}Yan Liu and
               Shanqing Li and
               Liang Tang and
               Lei Wang and
               Wei Liu},
  title     = {Fast face tracking using parallel particle filter algorithm},
  booktitle = {Proceedings of the 2009 {IEEE} International Conference on Multimedia
               and Expo, {ICME} 2009, June 28 - July 2, 2009, New York City, NY,
               {USA}},
  pages     = {1302--1305},
  year      = {2009}
}

@inproceedings{2005_CVPR_Dalal,
  author    = {Navneet Dalal and
               Bill Triggs},
  title     = {Histograms of Oriented Gradients for Human Detection},
  booktitle = {IEEE Computer Society Conference on Computer Vision
               and Pattern Recognition},
  year      = {2005},
  pages     = {886-893},
  ee        = {http://dx.doi.org/10.1109/CVPR.2005.177, http://doi.ieeecomputersociety.org/10.1109/CVPR.2005.177}
}

@article{2012_PAMI_Dollar,
  author    = {Piotr Doll{\'{a}}r and
               Christian Wojek and
               Bernt Schiele and
               Pietro Perona},
  title     = {Pedestrian Detection: An Evaluation of the State of the Art},
  journal   = {{IEEE} Transactions on Pattern Analysis and Machine Intelligence},
  year      = {2012},
  volume    = {34},
  number    = {4},
  pages     = {743--761}
}

@inproceedings{2013_ICCV_Hamed,
  author    = {Hamed Kiani Galoogahi and
               Terence Sim and
               Simon Lucey},
  title     = {Multi-channel Correlation Filters},
  booktitle = {{IEEE} International Conference on Computer Vision},
  year      = {2013},
  pages     = {3072--3079}
}

@article{Wong_IET_2013,
  author    = {Yongkang Wong and Mehrtash T. Harandi and Conrad Sanderson},
  title     = {On robust face recognition via sparse coding: the good, the bad and the ugly},
  journal   = {{IET} Biometrics},
  year      = {(in press)}
}

@inproceedings{Cho_AVSS_2009,
  author    = {Shung Han Cho and
               Sangjin Hong and
               Yunyoung Nam},
  title     = {Association and Identification in Heterogeneous Sensors Environment with Coverage Uncertainty},
  booktitle = {{IEEE} International Conference on Advanced Video and Signal Based Surveillance},
  year      = {2009},
  pages     = {553-558},
  ee        = {http://dx.doi.org/10.1109/AVSS.2009.86}
}

@article{Pavan_PAMI_2007,
  author    = {Massimiliano Pavan and
               Marcello Pelillo},
  title     = {Dominant Sets and Pairwise Clustering},
  journal   = {IEEE Trans. Pattern Anal. Mach. Intell.},
  volume    = {29},
  number    = {1},
  year      = {2007},
  pages     = {167-172},
  ee        = {http://doi.ieeecomputersociety.org/10.1109/TPAMI.2007.250608}
}

@article{Dietterich_AI_1997,
  author    = {Thomas G. Dietterich and
               Richard H. Lathrop and
               Tom{\'a}s Lozano-P{\'e}rez},
  title     = {Solving the Multiple Instance Problem with Axis-Parallel
               Rectangles},
  journal   = {Artif. Intell.},
  volume    = {89},
  number    = {1-2},
  year      = {1997},
  pages     = {31-71},
  ee        = {http://dx.doi.org/10.1016/S0004-3702(96)00034-3},
}

% co-occurrence
@article{SatohNK_CVPR_1997,
  author    = {Shin'ichi Satoh and
               Yuichi Nakamura and
               Takeo Kanade},
  title     = {Name-It: Naming and Detecting Faces in News Videos},
  journal   = {IEEE MultiMedia},
  volume    = {6},
  number    = {1},
  year      = {1999},
  pages     = {22-35},
  ee        = {http://doi.ieeecomputersociety.org/10.1109/93.752960},
}

@inproceedings{yang_ACM_2004,
  title={Naming every individual in news video monologues},
  author={Yang, Jun and Hauptmann, Alexander G},
  booktitle={Proceedings of the 12th annual ACM international conference on Multimedia},
  pages={580--587},
  year={2004},
  organization={ACM}
}

@article{Houghton_AI_1999,
  author    = {Ricky Houghton},
  title     = {Named Faces: Putting Names to Faces},
  journal   = {IEEE Intelligent Systems},
  volume    = {14},
  number    = {5},
  year      = {1999},
  pages     = {45-50},
}

@inproceedings{mori_MISR_1999,
  title={Image-to-word transformation based on dividing and vector quantizing images with words},
  author={Mori, Yasuhide and Takahashi, Hironobu and Oka, Ryuichi},
  booktitle={First International Workshop on Multimedia Intelligent Storage and Retrieval Management},
  year={1999},
  organization={Citeseer}
}

% cross domain search 
@proceedings{Nikhil_MM_2010,
  editor    = {Alberto Del Bimbo and
               Shih-Fu Chang and
               Arnold W. M. Smeulders},
  title     = {Proceedings of the 18th International Conference on Multimedia
               2010, Firenze, Italy, October 25-29, 2010},
  booktitle = {ACM Multimedia},
  publisher = {ACM},
  year      = {2010},
  isbn      = {978-1-60558-933-6},
  ee        = {http://dl.acm.org/citation.cfm?id=1873951},
}

@inproceedings{Jiwoon_SIGIR_2003,
  author    = {Jiwoon Jeon and
               Victor Lavrenko and
               R. Manmatha},
  title     = {Automatic image annotation and retrieval using cross-media
               relevance models},
  booktitle = {SIGIR},
  year      = {2003},
  pages     = {119-126},
  ee        = {http://doi.acm.org/10.1145/860435.860459},
  crossref  = {DBLP:conf/sigir/2003},
}

@inproceedings{Liu_IEEE_2012,
  title={Cross domain search by exploiting wikipedia},
  author={Liu, Chen and Wu, Sai and Jiang, Shouxu and Tung, Anthony},
  booktitle={Data Engineering (ICDE), 2012 IEEE 28th International Conference on},
  pages={546--557},
  year={2012},
  organization={IEEE}
}

@inproceedings{Hugo_MIR_2008,
  author    = {Hugo Jair Escalante and
               Carlos A. Hern{\'a}ndez and
               Luis Enrique Sucar and
               Manuel Montes-y-G{\'o}mez},
  title     = {Late fusion of heterogeneous methods for multimedia image
               retrieval},
  booktitle = {Multimedia Information Retrieval},
  year      = {2008},
  pages     = {172-179},
  ee        = {http://doi.acm.org/10.1145/1460096.1460125},
  crossref  = {DBLP:conf/mir/2008},
}

@inproceedings{Romaric_CLEF_2005,
  editor    = {Carol Peters and
               Paul Clough and
               Julio Gonzalo and
               Gareth J. F. Jones and
               Michael Kluck and
               Bernardo Magnini},
  title     = {Multilingual Information Access for Text, Speech and Images,
               5th Workshop of the Cross-Language Evaluation Forum, CLEF
               2004, Bath, UK, September 15-17, 2004, Revised Selected
               Papers},
  booktitle = {CLEF},
  publisher = {Springer},
  series    = {Lecture Notes in Computer Science},
  volume    = {3491},
  year      = {2005},
  isbn      = {3-540-27420-0},
}

@proceedings{Peters_CLEF_2007,
  editor    = {Carol Peters and
               Valentin Jijkoun and
               Thomas Mandl and
               Henning M{\"u}ller and
               Douglas W. Oard and
               Anselmo Pe{\~n}as and
               Vivien Petras and
               Diana Santos},
  title     = {Advances in Multilingual and Multimodal Information Retrieval,
               8th Workshop of the Cross-Language Evaluation Forum, CLEF
               2007, Budapest, Hungary, September 19-21, 2007, Revised
               Selected Papers},
  booktitle = {CLEF},
  publisher = {Springer},
  series    = {Lecture Notes in Computer Science},
  volume    = {5152},
  year      = {2008},
  isbn      = {978-3-540-85759-4}
}

@proceedings{Trong_ACM_2007,
  editor    = {M{\'a}rio J. Silva and
               Alberto H. F. Laender and
               Ricardo A. Baeza-Yates and
               Deborah L. McGuinness and
               Bj{\o}rn Olstad and
               {\O}ystein Haug Olsen and
               Andr{\'e} O. Falc{\~a}o},
  title     = {Proceedings of the Sixteenth ACM Conference on Information
               and Knowledge Management, CIKM 2007, Lisbon, Portugal, November
               6-10, 2007},
  booktitle = {CIKM},
  publisher = {ACM},
  year      = {2007},
  isbn      = {978-1-59593-803-9},
}

@proceedings{Thijs_SIGIR_2002,
  title     = {SIGIR 2002: Proceedings of the 25th Annual International
               ACM SIGIR Conference on Research and Development in Information
               Retrieval, August 11-15, 2002, Tampere, Finland},
  booktitle = {SIGIR},
  publisher = {ACM},
  year      = {2002},
}

@inproceedings{gfs,
 author = {Ghemawat, Sanjay and Gobioff, Howard and Leung, Shun-Tak},
 title = {The Google File System},
 booktitle = {Proceedings of the Nineteenth ACM Symposium on Operating Systems Principles},
 series = {SOSP '03},
 year = {2003},
 isbn = {1-58113-757-5},
 location = {Bolton Landing, NY, USA},
 pages = {29--43},
 numpages = {15},
 url = {http://doi.acm.org/10.1145/945445.945450},
 doi = {10.1145/945445.945450},
 acmid = {945450},
 publisher = {ACM},
 address = {New York, NY, USA},
 keywords = {clustered storage, data storage, fault tolerance, scalability},
}  

@INPROCEEDINGS{hdfs,
author={Shvachko, K. and Hairong Kuang and Radia, S. and Chansler, R.},
booktitle={Mass Storage Systems and Technologies (MSST), 2010 IEEE 26th Symposium on},
title={The Hadoop Distributed File System},
year={2010},
month={May},
pages={1-10},
keywords={Internet;distributed databases;network operating systems;Hadoop distributed file system;Yahoo!;data storage;data stream;enterprise data;Bandwidth;Clustering algorithms;Computer architecture;Concurrent computing;Distributed computing;Facebook;File servers;File systems;Protection;Protocols;HDFS;Hadoop;distributed file system},
doi={10.1109/MSST.2010.5496972},}

@inproceedings{sparkstreaming,
 author = {Zaharia, Matei and Das, Tathagata and Li, Haoyuan and Hunter, Timothy and Shenker, Scott and Stoica, Ion},
 title = {Discretized Streams: Fault-tolerant Streaming Computation at Scale},
 booktitle = {Proceedings of the Twenty-Fourth ACM Symposium on Operating Systems Principles},
 series = {SOSP '13},
 year = {2013},
 isbn = {978-1-4503-2388-8},
 location = {Farminton, Pennsylvania},
 pages = {423--438},
 numpages = {16},
 url = {http://doi.acm.org/10.1145/2517349.2522737},
 doi = {10.1145/2517349.2522737},
 acmid = {2522737},
 publisher = {ACM},
 address = {New York, NY, USA},
} 

@inproceedings{spark,
 author = {Zaharia, Matei and Chowdhury, Mosharaf and Das, Tathagata and Dave, Ankur and Ma, Justin and McCauley, Murphy and Franklin, Michael J. and Shenker, Scott and Stoica, Ion},
 title = {Resilient Distributed Datasets: A Fault-tolerant Abstraction for In-memory Cluster Computing},
 booktitle = {Proceedings of the 9th USENIX Conference on Networked Systems Design and Implementation},
 series = {NSDI'12},
 year = {2012},
 location = {San Jose, CA},
 pages = {2--2},
 numpages = {1},
 url = {http://dl.acm.org/citation.cfm?id=2228298.2228301},
 acmid = {2228301},
 publisher = {USENIX Association},
 address = {Berkeley, CA, USA},
} 

@manual{hadoop,
title = {Apache Hadoop},
note = "\url{http://hadoop.apache.org}",
}